<?xml version="1.0" encoding="UTF-8"?><record xmlns="http://www.loc.gov/MARC21/slim" xmlns:cinclude="http://apache.org/cocoon/include/1.0" xmlns:zs="http://www.loc.gov/zing/srw/">
  <leader>00698cz  a2200157n  4500</leader>
  <controlfield tag="001">n  88621982 </controlfield>
  <controlfield tag="003">DLC</controlfield>
  <controlfield tag="005">20080903074857.0</controlfield>
  <controlfield tag="008">880323n| acannaabn          |n aaa      </controlfield>
  <datafield tag="010" ind1=" " ind2=" ">
    <subfield code="a">n  88621982 </subfield>
  </datafield>
  <datafield tag="035" ind1=" " ind2=" ">
    <subfield code="a">(OCoLC)oca02234291</subfield>
  </datafield>
  <datafield tag="040" ind1=" " ind2=" ">
    <subfield code="a">DLC</subfield>
    <subfield code="b">eng</subfield>
    <subfield code="c">DLC</subfield>
    <subfield code="d">OCoLC</subfield>
    <subfield code="d">DLC</subfield>
  </datafield>
  <datafield tag="100" ind1="1" ind2=" ">
    <subfield code="a">Smith, Hedley,</subfield>
    <subfield code="d">1909-1994</subfield>
  </datafield>
  <datafield tag="670" ind1=" " ind2=" ">
    <subfield code="a">nuc87-16574: His Yankee Yorkshirewomen, c1978</subfield>
    <subfield code="b">(hdg. on RP rept.: Smith, Hedley; usage: Hedley Smith)</subfield>
  </datafield>
  <datafield tag="670" ind1=" " ind2=" ">
    <subfield code="a">LC data base, 3/23/88</subfield>
    <subfield code="b">(hdg.: Smith, Hedley)</subfield>
  </datafield>
  <datafield tag="670" ind1=" " ind2=" ">
    <subfield code="a">Blewett, M.H. The Yankee Yorkshireman, c2009:</subfield>
    <subfield code="b">CIP introd. (Hedley Smith; b. 1909, Yorkshire; immigrated to Rhode Island; d. 1994; accountant and businessman; turned his hand to fiction in his later years)</subfield>
  </datafield>
</record>